@article{box1957evolutionary,
  author={G. E. P. Box},
  title={Evolutionary Operation: A Method for Increasing Industrial Productivity},
  journal={Journal of the Royal Statistical Society. Series C (Applied Statistics)},
  volume={6},
  number={2},
  pages={81--101},
  year={1957},
  doi={10.2307/2985505}
}
@article{barnett1960introduction,
  author={E. H. Barnett},
  title={Introduction to Evolutionary Operation},
  journal={Industrial \& Engineering Chemistry},
  volume={52},
  number={6},
  pages={500--503},
  year={1960},
  doi={10.1021/ie50606a026}
}