@book{marcos2010introduccion,
  title     = {Introducción a los algoritmos genéticos y la programación genética},
  author    = {Rivero Gestal, Daniel and Rabuñal, Juan Ramón and Dorado, Julián and Pazos, Alejandro and Gestal, Marcos},
  year      = {2010},
  publisher = {Universidade da Coruña}
}
